<record><leader>00000cas a22000007a 4500</leader><controlfield tag="001">22406264</controlfield><controlfield tag="008">900919d19471960nyuwr ne      0    0eng d</controlfield><datafield ind1=" " ind2=" " tag="010"><subfield code="a">sn 90066525 </subfield></datafield><datafield ind1=" " ind2=" " tag="040"><subfield code="a">NYS</subfield><subfield code="b">eng</subfield><subfield code="c">NYS</subfield><subfield code="d">OCLCQ</subfield></datafield><datafield ind1=" " ind2=" " tag="042"><subfield code="a">msc</subfield></datafield><datafield ind1="0" ind2="0" tag="245"><subfield code="a">Clymer booster.</subfield></datafield><datafield ind1=" " ind2=" " tag="260"><subfield code="a">Clymer, Chautauqua County, N.Y. :</subfield><subfield code="b">Clymer Business Men's Club</subfield></datafield><datafield ind1=" " ind2=" " tag="300"><subfield code="a">v.</subfield></datafield><datafield ind1=" " ind2=" " tag="310"><subfield code="a">Weekly</subfield></datafield><datafield ind1="1" ind2=" " tag="362"><subfield code="a">Vol. 1, no. 7 (Dec. 31, 1947)-v. 13, no. 26 (Jun. 30, 1960).</subfield></datafield><datafield ind1=" " ind2=" " tag="500"><subfield code="a">Editor: Donald Harris, &lt;1947&gt;.</subfield></datafield><datafield ind1=" " ind2="4" tag="651"><subfield code="a">Clymer (N.Y.)</subfield><subfield code="v">Newspapers.</subfield></datafield><datafield ind1=" " ind2="4" tag="651"><subfield code="a">Clymer (N.Y. : Town)</subfield><subfield code="v">Newspapers.</subfield></datafield><datafield ind1=" " ind2=" " tag="752"><subfield code="a">United States</subfield><subfield code="b">New York</subfield><subfield code="c">Chautauqua</subfield><subfield code="d">Clymer.</subfield></datafield><datafield ind1="0" ind2="0" tag="780"><subfield code="t">Clymer-French Creek news</subfield><subfield code="w">(DLC)sn 93063950</subfield><subfield code="w">(OCoLC)28898693</subfield></datafield><datafield ind1="0" ind2="0" tag="785"><subfield code="t">Clymer independent</subfield><subfield code="w">(DLC)sn 90066526</subfield></datafield><datafield ind1="1" ind2=" " tag="029"><subfield code="a">AU@</subfield><subfield code="b">000025869623</subfield></datafield></record>